<record><leader>00000cas a2200000 a 4500</leader><controlfield tag="001">13000311</controlfield><controlfield tag="008">860110d18uu18uuwvucr ne      0    0eng c</controlfield><datafield ind1=" " ind2=" " tag="010"><subfield code="a">sn 86053016 </subfield></datafield><datafield ind1=" " ind2=" " tag="040"><subfield code="a">NPX</subfield><subfield code="b">eng</subfield><subfield code="c">NPX</subfield><subfield code="d">WVC</subfield><subfield code="d">DLC</subfield><subfield code="d">OCL</subfield><subfield code="d">NVF</subfield><subfield code="d">OCLCQ</subfield><subfield code="d">OCLCF</subfield><subfield code="d">OCLCO</subfield></datafield><datafield ind1=" " ind2=" " tag="042"><subfield code="a">pcc</subfield></datafield><datafield ind1=" " ind2=" " tag="043"><subfield code="a">n-us-wv</subfield></datafield><datafield ind1="0" ind2=" " tag="130"><subfield code="a">Wheeling daily intelligencer (Wheeling, W. Va. : Semiweekly)</subfield></datafield><datafield ind1="1" ind2="4" tag="245"><subfield code="a">The Wheeling daily intelligencer.</subfield></datafield><datafield ind1="3" ind2=" " tag="246"><subfield code="a">Wheeling intelligencer</subfield></datafield><datafield ind1="3" ind2=" " tag="246"><subfield code="a">Daily Wheeling intelligencer</subfield></datafield><datafield ind1=" " ind2=" " tag="260"><subfield code="a">Wheeling, W. Va. :</subfield><subfield code="b">[s.n.]</subfield></datafield><datafield ind1=" " ind2=" " tag="300"><subfield code="a">v.</subfield></datafield><datafield ind1=" " ind2=" " tag="310"><subfield code="a">Semiweekly</subfield></datafield><datafield ind1=" " ind2=" " tag="500"><subfield code="a">"Daily" appears above title ornament, &lt;1876&gt;.</subfield></datafield><datafield ind1=" " ind2=" " tag="580"><subfield code="a">Daily ed.: Wheeling daily intelligencer (Wheeling, W. Va. : 1865), &lt;1876&gt;.</subfield></datafield><datafield ind1=" " ind2=" " tag="580"><subfield code="a">Weekly ed.: Weekly intelligencer (Wheeling, W. Va.), &lt;1876&gt;.</subfield></datafield><datafield ind1=" " ind2=" " tag="588"><subfield code="a">Description based on: Vol. 25, no. 24 (Sept. 20, 1876).</subfield></datafield><datafield ind1=" " ind2="0" tag="651"><subfield code="a">Wheeling (W. Va.)</subfield><subfield code="v">Newspapers.</subfield></datafield><datafield ind1=" " ind2="7" tag="655"><subfield code="a">Newspapers.</subfield><subfield code="2">fast</subfield><subfield code="0">(OCoLC)fst01423814</subfield></datafield><datafield ind1=" " ind2="7" tag="651"><subfield code="a">West Virginia</subfield><subfield code="z">Wheeling.</subfield><subfield code="2">fast</subfield><subfield code="0">(OCoLC)fst01213675</subfield></datafield><datafield ind1=" " ind2=" " tag="752"><subfield code="a">United States</subfield><subfield code="b">West Virginia</subfield><subfield code="c">Ohio</subfield><subfield code="d">Wheeling.</subfield></datafield><datafield ind1="1" ind2=" " tag="775"><subfield code="t">Wheeling daily intelligencer (Wheeling, W. Va. : 1865)</subfield><subfield code="w">(DLC)sn 84026844</subfield></datafield><datafield ind1="1" ind2=" " tag="775"><subfield code="t">Weekly intelligencer (Wheeling, W. Va.)</subfield><subfield code="w">(DLC)sn 84026846</subfield></datafield></record>